@misc{friedrich2023fair,
      title={Fair Diffusion: Instructing Text-to-Image Generation Models on Fairness}, 
      author={Felix Friedrich and Manuel Brack and Lukas Struppek and Dominik Hintersdorf and Patrick Schramowski and Sasha Luccioni and Kristian Kersting},
      year={2023},
      eprint={2302.10893},
      archivePrefix={arXiv},
      primaryClass={cs.LG}
}

@misc{brack2023sega,
      title={SEGA: Instructing Text-to-Image Models using Semantic Guidance}, 
      author={Manuel Brack and Felix Friedrich and Dominik Hintersdorf and Lukas Struppek and Patrick Schramowski and Kristian Kersting},
      year={2023},
      eprint={2301.12247},
      archivePrefix={arXiv},
      primaryClass={cs.CV}
}